@inproceeding{GabrielTheodoropoulosWorkingwithCloudKit,
    author  = {Gabriel Theodoropoulos},
    title   = {Working with CloudKit in iOS8},
    journal = {http://www.appcoda.com},
    year    = {2015},
 }